<?xml version="1.0" encoding="UTF-8"?><record xmlns="http://www.loc.gov/MARC21/slim" xmlns:cinclude="http://apache.org/cocoon/include/1.0" xmlns:zs="http://www.loc.gov/zing/srw/">
  <leader>00548nz  a2200133n  4500</leader>
  <controlfield tag="001">n  87836057 </controlfield>
  <controlfield tag="003">DLC</controlfield>
  <controlfield tag="005">19880420060118.3</controlfield>
  <controlfield tag="008">880301n| acannaab|          |n aaa |||  </controlfield>
  <datafield tag="010" ind1=" " ind2=" ">
    <subfield code="a">n  87836057 </subfield>
  </datafield>
  <datafield tag="040" ind1=" " ind2=" ">
    <subfield code="a">DLC</subfield>
    <subfield code="c">DLC</subfield>
  </datafield>
  <datafield tag="100" ind1="1" ind2="0">
    <subfield code="a">Robbins, Morris Allen,</subfield>
    <subfield code="d">1896-</subfield>
  </datafield>
  <datafield tag="670" ind1=" " ind2=" ">
    <subfield code="a">NUCMC data from Univ. Wash. Lib. for Silver family. Papers, 1885-1978</subfield>
    <subfield code="b">(Morris Robbins; active in Seattle Jewish community)</subfield>
  </datafield>
  <datafield tag="670" ind1=" " ind2=" ">
    <subfield code="a">WW Wash., 1927</subfield>
    <subfield code="b">(Robbins, Morris Allen; b. 1896; lawyer; s. William &amp; Celia (Gershen) R.; m. Bertha Myers; firm of Robbins &amp; Rickles; Seattle)</subfield>
  </datafield>
</record>